<record><leader>00000cas a22000007a 4500</leader><controlfield tag="001">27004446</controlfield><controlfield tag="008">921120d18871931ncuwr ne      0    0eng d</controlfield><datafield ind1=" " ind2=" " tag="010"><subfield code="a">sn 92073216 </subfield></datafield><datafield ind1=" " ind2=" " tag="040"><subfield code="a">NVJ</subfield><subfield code="b">eng</subfield><subfield code="c">NVJ</subfield><subfield code="d">OCLCQ</subfield></datafield><datafield ind1=" " ind2=" " tag="042"><subfield code="a">msc</subfield></datafield><datafield ind1="0" ind2=" " tag="130"><subfield code="a">Burlington news (Burlington, N.C.)</subfield></datafield><datafield ind1="1" ind2="4" tag="245"><subfield code="a">The Burlington news.</subfield></datafield><datafield ind1=" " ind2=" " tag="260"><subfield code="a">Burlington, N.C. :</subfield><subfield code="b">J.R. Ireland &amp; Co.</subfield></datafield><datafield ind1=" " ind2=" " tag="300"><subfield code="a">v.</subfield></datafield><datafield ind1=" " ind2=" " tag="310"><subfield code="a">Semiweekly,</subfield><subfield code="b">&lt;Jan. 19, 1923-Oct. 1931&gt;</subfield></datafield><datafield ind1=" " ind2=" " tag="321"><subfield code="a">Weekly,</subfield><subfield code="b">&lt;May 23, 1888-Dec. 26, 1900&gt;</subfield></datafield><datafield ind1="1" ind2=" " tag="362"><subfield code="a">Began in 1887; ceased in 1931.</subfield></datafield><datafield ind1=" " ind2=" " tag="588"><subfield code="a">Description based on: Vol. 1, no. 43 (May 23, 1888).</subfield></datafield><datafield ind1=" " ind2=" " tag="752"><subfield code="a">United States</subfield><subfield code="b">North Carolina</subfield><subfield code="c">Alamance</subfield><subfield code="d">Burlington.</subfield></datafield><datafield ind1="0" ind2="7" tag="785"><subfield code="t">Burlington daily times (Burlington, N.C.)</subfield><subfield code="w">(DLC)sn 96086013</subfield></datafield><datafield ind1="0" ind2="7" tag="785"><subfield code="t">Burlington daily times-news</subfield><subfield code="w">(DLC)sn 96086014</subfield></datafield></record>